%% This BibTeX bibliography file was created using BibDesk.
%% http://bibdesk.sourceforge.net/


%% Created for Victor Briones at 2014-04-09 11:57:47 -0500 


%% Saved with string encoding Unicode (UTF-8) 



@techreport{rfc3003,
	Author = {Martin Nilsson},
	Date-Added = {2014-03-06 00:55:00 +0000},
	Date-Modified = {2014-03-06 00:59:52 +0000},
	Institution = {IETF Secretariat},
	Month = {November},
	Number = {3003},
	Title = {The audio/mpeg Media Type},
	Type = {RFC},
	Year = {2000}}

@inproceedings{autoChord,
	Acmid = {1178725},
	Address = {Nueva York, NY, EE. UU.},
	Author = {Morman, Joshua and Rabiner, Lawrence},
	Booktitle = {Proceedings of the 1st ACM Workshop on Audio and Music Computing Multimedia},
	Date-Modified = {2014-04-02 21:12:08 +0000},
	Doi = {10.1145/1178723.1178725},
	Keywords = {chord recognition, music information, retrieval, signal processing},
	Location = {Santa Barbara, California, EE. UU.},
	Numpages = {10},
	Pages = {1--10},
	Publisher = {ACM},
	Series = {AMCMM '06},
	Title = {A System for the Automatic Segmentation and Classification of Chord Sequences},
	Url = {http://doi.acm.org/10.1145/1178723.1178725},
	Year = {2006},
	Bdsk-Url-1 = {http://doi.acm.org/10.1145/1178723.1178725},
	Bdsk-Url-2 = {http://dx.doi.org/10.1145/1178723.1178725}}

@inproceedings{autoRingtone,
	Acmid = {1631364},
	Address = {Nueva York, NY, EE. UU.},
	Author = {Zhang, Tong and Fong, Chee Keat and Xiao, Linxing and Zhou, Jie},
	Booktitle = {Proceedings of the 17th ACM International Conference on Multimedia},
	Date-Modified = {2014-04-02 21:12:26 +0000},
	Doi = {10.1145/1631272.1631364},
	Keywords = {music browsing, music repetition detection, music structure analysis, ring tone generation, voice detection},
	Location = {Beijing, China},
	Numpages = {4},
	Pages = {593--596},
	Publisher = {ACM},
	Series = {MM '09},
	Title = {Automatic and Instant Ring Tone Generation Based on Music Structure Analysis},
	Url = {http://doi.acm.org/10.1145/1631272.1631364},
	Year = {2009},
	Bdsk-Url-1 = {http://doi.acm.org/10.1145/1631272.1631364},
	Bdsk-Url-2 = {http://dx.doi.org/10.1145/1631272.1631364}}

@inproceedings{tempoMP3,
	Acmid = {1290105},
	Address = {Nueva York, NY, EE. UU.},
	Author = {D'Aguanno, Antonello and Vercellesi, Giancarlo},
	Booktitle = {Proceedings of the International Workshop on Workshop on Multimedia Information Retrieval},
	Doi = {10.1145/1290082.1290105},
	Keywords = {MP3, WSP, tempo induction},
	Location = {Augsburgo, Baviera, Alemania},
	Numpages = {6},
	Pages = {153--158},
	Publisher = {ACM},
	Series = {MIR '07},
	Title = {Tempo Induction Algorithm in {MP3} Compressed Domain},
	Url = {http://doi.acm.org/10.1145/1290082.1290105},
	Year = {2007},
	Bdsk-Url-1 = {http://doi.acm.org/10.1145/1290082.1290105},
	Bdsk-Url-2 = {http://dx.doi.org/10.1145/1290082.1290105}}

@inproceedings{tempoSearch,
	Acmid = {2072533},
	Address = {Nueva York, NY, EE. UU.},
	Author = {Yi, Yu and Zhou, Yinsheng and Wang, Ye},
	Booktitle = {Proceedings of the 1st International ACM Workshop on Music Information Retrieval with User-centered and Multimodal Strategies},
	Date-Modified = {2014-04-02 21:12:15 +0000},
	Doi = {10.1145/2072529.2072533},
	Keywords = {multimodal query, music information retrieval, tempo},
	Location = {Scottsdale, Arizona, EE. UU.},
	Numpages = {6},
	Pages = {13--18},
	Publisher = {ACM},
	Series = {MIRUM '11},
	Title = {A Tempo-sensitive Music Search Engine with Multimodal Inputs},
	Url = {http://doi.acm.org/10.1145/2072529.2072533},
	Year = {2011},
	Bdsk-Url-1 = {http://doi.acm.org/10.1145/2072529.2072533},
	Bdsk-Url-2 = {http://dx.doi.org/10.1145/2072529.2072533}}

@inproceedings{svrMusic,
	Acmid = {1631395},
	Address = {Nueva York, NY, EE. UU.},
	Author = {Rho, Seungmin and Han, Byeong-jun and Hwang, Eenjun},
	Booktitle = {Proceedings of the 17th ACM International Conference on Multimedia},
	Doi = {10.1145/1631272.1631395},
	Keywords = {classification, music mood, ontology, recommendation, support vector regression},
	Location = {Beijing, China},
	Numpages = {4},
	Pages = {713--716},
	Publisher = {ACM},
	Series = {MM '09},
	Title = {SVR-based Music Mood Classification and Context-based Music Recommendation},
	Url = {http://doi.acm.org/10.1145/1631272.1631395},
	Year = {2009},
	Bdsk-Url-1 = {http://doi.acm.org/10.1145/1631272.1631395},
	Bdsk-Url-2 = {http://dx.doi.org/10.1145/1631272.1631395}}

@inproceedings{quadMusic,
	Acmid = {2502124},
	Address = {Nueva York, NY, EE. UU.},
	Author = {Smith, Jordan B.L. and Chew, Elaine},
	Booktitle = {Proceedings of the 21st ACM International Conference on Multimedia},
	Doi = {10.1145/2502081.2502124},
	Keywords = {music cognition, music perception, music structure analysis, quadratic programming, repetition},
	Location = {Barcelona, Spain},
	Numpages = {10},
	Pages = {113--122},
	Publisher = {ACM},
	Series = {MM '13},
	Title = {Using Quadratic Programming to Estimate Feature Relevance in Structural Analyses of Music},
	Url = {http://doi.acm.org/10.1145/2502081.2502124},
	Year = {2013},
	Bdsk-Url-1 = {http://doi.acm.org/10.1145/2502081.2502124},
	Bdsk-Url-2 = {http://dx.doi.org/10.1145/2502081.2502124}}

@inproceedings{rhythmRep,
	Acmid = {1963606},
	Address = {Nueva York, NY, EE. UU.},
	Author = {Gulati, Sankalp and Rao, Preeti},
	Booktitle = {Proceedings of the 1st International Conference on Intelligent Interactive Technologies and Multimedia},
	Doi = {10.1145/1963564.1963606},
	Location = {Allahabad, India},
	Numpages = {4},
	Pages = {241--244},
	Publisher = {ACM},
	Series = {IITM '10},
	Title = {Rhythm Pattern Representations for Tempo Detection in Music},
	Url = {http://doi.acm.org/10.1145/1963564.1963606},
	Year = {2010},
	Bdsk-Url-1 = {http://doi.acm.org/10.1145/1963564.1963606},
	Bdsk-Url-2 = {http://dx.doi.org/10.1145/1963564.1963606}}

@inproceedings{segPopularMusic,
	Acmid = {2461534},
	Address = {Nueva York, NY, EE. UU.},
	Author = {Wang, Yun-Sheng},
	Booktitle = {Proceedings of the 3rd ACM Conference on International Conference on Multimedia Retrieval},
	Doi = {10.1145/2461466.2461534},
	Keywords = {audio chord recognition, audio local key estimation, music information retrieval, music segmentation and structural analysis},
	Location = {Dallas, Texas, EE. UU.},
	Numpages = {4},
	Pages = {345--348},
	Publisher = {ACM},
	Series = {ICMR '13},
	Title = {Toward Segmentation of Popular Music},
	Url = {http://doi.acm.org/10.1145/2461466.2461534},
	Year = {2013},
	Bdsk-Url-1 = {http://doi.acm.org/10.1145/2461466.2461534},
	Bdsk-Url-2 = {http://dx.doi.org/10.1145/2461466.2461534}}

@inproceedings{realtimeTempo,
	Address = {Washington, DC, EE. UU.},
	Author = {Jianling Hu},
	Booktitle = {Proceedings of the Wireless 2010 International Conference on Communications and Signal Processing},
	Date-Modified = {2014-04-09 16:30:48 +0000},
	Doi = {10.1109/WCSP.2010.5633730},
	Keywords = {music;real-time systems;auditory rhythm;beat;envelope autocorrelation;music signal;music tempo change;perceptual music;real-time perceptual tempo estimation;real-time tempo information;weighted tempo function;Correlation;Estimation;Histograms;Humans;Multiple signal classification;Real time systems;Rhythm;beat histogram;envelope autocorrelation;music tempo estimation;weighted tempo function},
	Month = {Oct},
	Pages = {1-4},
	Publisher = {IEEE},
	Title = {Real-time perceptual tempo estimation for music signal based on envelope autocorrelation},
	Year = {2010},
	Bdsk-Url-1 = {http://dx.doi.org/10.1109/WCSP.2010.5633730}}

@inproceedings{beatTrack,
	Address = {Washington, DC, EE. UU.},
	Author = {Alexandros Gkiokas and Vassilis Katsouros and Elias G. Carayannis and Themos Stafylakis},
	Booktitle = {Proceedings of the 2012 {IEEE} Workshop on Acoustics, Speech and Signal Processing},
	Date-Modified = {2014-04-09 16:30:39 +0000},
	Doi = {10.1109/ICASSP.2012.6287906},
	Keywords = {audio signal processing;convolution;dynamic programming;feature extraction;filtering theory;source separation;tracking;ISMIR 2004 Tempo Induction Evaluation Exchange Dataset;MIREX 2011;audio signal;beat tracking;chroma feature extraction;dynamic programming algorithm;feature sequence convolution;filterbank energy extraction;harmonic separation;local tempo refinement method;metrical relations knowledge;music tempo estimation;percussive separation;periodicity analysis;periodicity vector;resonators response;source separation;target tempo estimation;tempo estimation algorithm;Decision support systems;beat tracking;chroma features;periodicity analysis;tempo estimation},
	Month = {March},
	Pages = {421-424},
	Publisher = {IEEE},
	Title = {Music tempo estimation and beat tracking by applying source separation and metrical relations},
	Year = {2012},
	Bdsk-Url-1 = {http://dx.doi.org/10.1109/ICASSP.2012.6287906}}

@inproceedings{perceptTempo,
	Address = {Washington, DC, EE. UU.},
	Author = {Ching-Wei Chen and Kyogu Lee and Ho-Hsiang Wu},
	Booktitle = {Proceedings of the 2009 International Conference on Machine Learning and Applications},
	Date-Modified = {2014-04-09 16:31:28 +0000},
	Doi = {10.1109/ICMLA.2009.54},
	Keywords = {audio signal processing;classification;information retrieval;music;statistical analysis;automatic tempo estimation;beats-per-minute;class-based representation;low-level audio features;music categorization;music navigation;music retrieval;perceptual tempo;playlist generation;rough semantic terms;statistical classification problem;statistical models;Acoustic distortion;Humans;Instruments;Machine learning;Mood;Music information retrieval;Navigation;Testing;music classification;music information retrieval;music navigation;music similarity;perceptual tempo;playlist generation;tempo estimation},
	Month = {Dec},
	Pages = {602-607},
	Publisher = {IEEE},
	Title = {Towards a Class-Based Representation of Perceptual Tempo for Music Retrieval},
	Year = {2009},
	Bdsk-Url-1 = {http://dx.doi.org/10.1109/ICMLA.2009.54}}

@inproceedings{swingBeat,
	Address = {Washington, DC, EE. UU.},
	Author = {Jean Laroche},
	Booktitle = {Proceedings of the 2011 {IEEE} Workshop on Applications of Signal Processing to Audio and Acoustics},
	Date-Modified = {2014-04-09 16:30:20 +0000},
	Doi = {10.1109/ASPAA.2001.969561},
	Keywords = {audio recording;audio signal processing;maximum likelihood estimation;music;signal detection;synchronisation;transient analysis;audio recordings;automatic audio track looping;beat location estimation;computation load;maximum likelihood estimation;multiple audio track synchronization;note offset;note onset;percussion hits;simultaneous playback;swing estimation;tempo estimation;tempo-synchronous audio effects;time-localized event detection;transient detection stage;Audio recording;Bars;Clocks;Event detection;Instruments;Maximum likelihood estimation;Modems;Synchronization;Tracking loops;Transient analysis},
	Pages = {135-138},
	Publisher = {IEEE},
	Title = {Estimating tempo, swing and beat locations in audio recordings},
	Year = {2001},
	Bdsk-Url-1 = {http://dx.doi.org/10.1109/ASPAA.2001.969561}}

@inproceedings{coverRec,
	Address = {Washington, DC, EE. UU.},
	Author = {Thierry Bertin-Mahieux and Daniel Ellis},
	Booktitle = {Proceedings of the 2011 {IEEE} Workshop on Applications of Signal Processing to Audio and Acoustics},
	Date-Modified = {2014-04-09 16:30:31 +0000},
	Doi = {10.1109/ASPAA.2011.6082307},
	Keywords = {audio databases;copyright;music;speech recognition;copyright enforcement;fingerprinting inspired model;hashed chroma landmark;large-scale cover song recognition;million song dataset;music dataset;music tonal content;portable music player;version identification;Accuracy;Blogs;Indexes;Lead;Random access memory;Cover song;Million Song Dataset;fingerprinting;music identification},
	Month = {Oct},
	Pages = {117-120},
	Publisher = {IEEE},
	Title = {Large-scale cover song recognition using hashed chroma landmarks},
	Year = {2011},
	Bdsk-Url-1 = {http://dx.doi.org/10.1109/ASPAA.2011.6082307}}

@misc{becker2010automatic,
	Author = {Friedemann Becker and Thomas Holl and Michael Kurz and Toine Diepstraten and Daniel Haver},
	Date-Modified = {2014-02-26 17:30:40 +0000},
	Month = jan # {~21},
	Note = {US Patent App. 12/565,766},
	Publisher = {Google Patents},
	Title = {Automatic Recognition and Matching of Tempo and Phase of Pieces of Music, and an Interactive Music Player},
	Url = {https://www.google.com/patents/US20100011941},
	Year = {2010},
	Bdsk-Url-1 = {https://www.google.com/patents/US20100011941}}

@misc{herberger2011system,
	Author = {Tilman Herberger and Titus Tost and Georg Flemming},
	Date-Modified = {2014-02-26 17:47:00 +0000},
	Month = jun # {~22},
	Note = {EP Patent 1,377,959},
	Publisher = {Google Patents},
	Title = {System and method of bpm determination},
	Url = {https://www.google.com/patents/EP1377959B1?cl=en},
	Year = {2011},
	Bdsk-Url-1 = {https://www.google.com/patents/EP1377959B1?cl=en}}

@article{Anil,
	Author = {Anil K. Jain and Robert P. W. Duin and Jianchang Mao},
	Date-Added = {2014-02-07 04:54:38 +0000},
	Date-Modified = {2014-02-19 15:06:54 +0000},
	Journal = {{IEEE} Transactions on Pattern Analysis and Machine Intelligence},
	Number = {1},
	Pages = {4--37},
	Title = {Statistical Pattern Recognition: A Review},
	Volume = {22},
	Year = {2000}}

@book{Satosi,
	Address = {Nueva York, NY, EE. UU.},
	Author = {Satosi Watanabe},
	Date-Added = {2014-02-07 04:01:03 +0000},
	Date-Modified = {2014-02-07 04:03:43 +0000},
	Isbn = {978-0-471-80815-2},
	Publisher = {Wiley},
	Title = {Pattern Recognition: Human and Mechanical},
	Year = {1985}}

@conference{Kittler,
	Author = {Josef Kittler},
	Booktitle = {Notas del seminario de Reconocimiento de Patrones de Grupo de Tratamiento de Im{\'a}genes del Instituto de Ingenier{\'\i}a El{\'e}ctrica, basado en las notas del curso del Prof. J. Kittler en la Univ. de Surrey},
	Date-Added = {2014-02-07 03:38:51 +0000},
	Date-Modified = {2014-02-19 15:14:43 +0000},
	Pages = {1--5},
	Title = {Modelo de Sistema de Reconocimiento de Patrones},
	Year = {2002}}

@book{StevenAudio,
	Address = {San Diego, CA, EE. UU.},
	Author = {Steven W. Smith},
	Chapter = {Audio Processing},
	Date-Added = {2014-02-07 02:35:40 +0000},
	Date-Modified = {2014-02-14 00:55:47 +0000},
	Isbn = {978-0-9660176-3-2},
	Publisher = {California Technical Publishing},
	Title = {The Scientist and Engineer's Guide to Digital Signal Processing},
	Year = 1997}

@book{StevenData,
	Address = {San Diego, CA, EE. UU.},
	Author = {Steven W. Smith},
	Chapter = {Data Compression},
	Date-Modified = {2014-02-14 00:55:34 +0000},
	Isbn = {978-0-9660176-3-2},
	Publisher = {California Technical Publishing},
	Title = {The Scientist and Engineer's Guide to Digital Signal Processing},
	Year = 1997}

@book{Davide,
	Address = {Verona, Italia},
	Author = {Davide Rocchesso},
	Date-Modified = {2014-02-20 19:33:27 +0000},
	Isbn = {978-88-901126-1-4},
	Publisher = {Associazione Culturale Mondo Estremo},
	Title = {Introduction to Sound Processing},
	Url = {http://books.google.com/books?id=F76OxogOaC0C},
	Year = {2004},
	Bdsk-Url-1 = {http://books.google.com/books?id=F76OxogOaC0C}}

@book{Baher,
	Address = {Nueva York, NY, EE. UU.},
	Author = {Baher, Hussein},
	Date-Modified = {2014-04-02 21:11:34 +0000},
	Isbn = {978-0-471-92342-8},
	Publisher = {John Wiley \& Sons, Inc.},
	Title = {Analog and Digital Signal Processing},
	Year = {1990}}

@book{walker1996fast,
	Address = {Abingdon, Oxford, Reino Unido},
	Author = {James S. Walker},
	Date-Modified = {2014-04-09 16:57:44 +0000},
	Isbn = {978-0-849-37163-9},
	Publisher = {Taylor \& Francis},
	Series = {Studies in Advanced Mathematics},
	Title = {Fast Fourier Transforms, Second Edition},
	Url = {http://books.google.com/books?id=cOA-vwKIffkC},
	Year = {1996},
	Bdsk-Url-1 = {http://books.google.com/books?id=cOA-vwKIffkC}}

@book{izaguirre2008sistemas,
	Address = {Madrid, Espa\~na},
	Author = {Armando Astarloa Cu{\'e}llar and Aitzol Zuloaga Izaguirre},
	Date-Modified = {2014-02-20 19:31:53 +0000},
	Isbn = {978-84-92453-03-0},
	Publisher = {Delta Publicaciones},
	Title = {Sistemas de procesamiento digital},
	Year = {2008},
	Bdsk-Url-1 = {http://books.google.es/books?id=N7u2x4LyJ7UC}}
